,Type,Days for shipping (real),Days for shipment (scheduled),Benefit per order,Sales per customer,Delivery Status,Late_delivery_risk,Category Id,Category Name,Department city,Department country,Customer Email,Customer Fname,Customer Id,Customer Lname,Customer Password,Customer Segment,Department state,Customer Street,Customer Zipcode,Department Id,Department Name,Latitude,Longitude,Market,Order City,Order Country,Order Customer Id,Order Id,Order Item Cardprod Id,Order Item Discount,Order Item Discount Rate,Order Item Id,Order Item Product Price,Order Item Profit Ratio,Order Item Quantity,Sales,Order Item Total,Order Profit Per Order,Order Region,Order State,Order Status,Order Zipcode,Product Card Id,Product Category Id,Product Description,Product Image,Product Name,Product Price,Product Status,shipping date (DateOrders),Shipping Mode,order date (DateOrders)
0,DEBIT,3,4,91.25,314.6400146,Advance shipping,0,73,Sporting Goods,Caguas,Puerto Rico,XXXXXXXXX,Cally,20755,Holloway,XXXXXXXXX,Consumer,PR,5365 Noble Nectar Island,725,2,Fitness,18.2514534,-66.03705597,Pacific Asia,Bekasi,Indonesia,20755,77202,1360,13.10999966,0.039999999,180517,327.75,0.289999992,1,327.75,314.6400146,91.25,Southeast Asia,Java Occidental,COMPLETE,,1360,73,,http://images.acmesports.sports/Smart+watch ,Smart watch ,327.75,0,02/03/2018 22:56,Standard Class,1/31/2018 22:56
1,CASH,4,4,-247.7799988,309.7200012,Shipping on time,0,73,Sporting Goods,San Jose,Estados Unidos,XXXXXXXXX,Gillian,19491,Maldonado,XXXXXXXXX,Consumer,CA,8510 Round Bear Gate,95125,2,Fitness,37.29223251,-121.881279,Pacific Asia,Bikaner,India,19491,75938,1360,18.03000069,0.059999999,179253,327.75,-0.800000012,1,327.75,309.7200012,-247.7799988,South Asia,Rajastán,CLOSED,,1360,73,,http://images.acmesports.sports/Smart+watch ,Smart watch ,327.75,0,1/17/2018 12:06,Standard Class,1/13/2018 12:06
2,DEBIT,3,4,22.86000061,304.8099976,Advance shipping,0,73,Sporting Goods,Los Angeles,Estados Unidos,XXXXXXXXX,Tana,19490,Tate,XXXXXXXXX,Home Office,CA,3200 Amber Bend,90027,2,Fitness,34.12594605,-118.2910156,Pacific Asia,Townsville,Australia,19490,75937,1360,22.94000053,0.07,179252,327.75,0.079999998,1,327.75,304.8099976,22.86000061,Oceania,Queensland,COMPLETE,,1360,73,,http://images.acmesports.sports/Smart+watch ,Smart watch ,327.75,0,1/16/2018 11:45,Standard Class,1/13/2018 11:45
3,PAYMENT,2,4,134.2100067,298.25,Advance shipping,0,73,Sporting Goods,Caguas,Puerto Rico,XXXXXXXXX,Orli,19489,Hendricks,XXXXXXXXX,Corporate,PR,8671 Iron Anchor Corners,725,2,Fitness,18.25376892,-66.03704834,Pacific Asia,Townsville,Australia,19489,75936,1360,29.5,0.090000004,179251,327.75,0.449999988,1,327.75,298.25,134.2100067,Oceania,Queensland,PENDING_PAYMENT,,1360,73,,http://images.acmesports.sports/Smart+watch ,Smart watch ,327.75,0,1/15/2018 11:24,Standard Class,1/13/2018 11:24
4,TRANSFER,6,4,18.57999992,294.980011,Shipping canceled,0,73,Sporting Goods,Tonawanda,Estados Unidos,XXXXXXXXX,Kimberly,19488,Flowers,XXXXXXXXX,Consumer,NY,2122 Hazy Corner,14150,2,Fitness,43.01396942,-78.87906647,Pacific Asia,Toowoomba,Australia,19488,75935,1360,32.77999878,0.100000001,179250,327.75,0.059999999,1,327.75,294.980011,18.57999992,Oceania,Queensland,CANCELED,,1360,73,,http://images.acmesports.sports/Smart+watch ,Smart watch ,327.75,0,1/19/2018 11:03,Standard Class,1/13/2018 11:03
5,TRANSFER,6,2,130.5800018,272.0299988,Shipping canceled,0,73,Sporting Goods,Caguas,Puerto Rico,XXXXXXXXX,Germane,19483,Short,XXXXXXXXX,Corporate,PR,4058 Quiet Heights,725,2,Fitness,18.28284454,-66.03705597,Pacific Asia,Tokio,Japón,19483,75930,1360,55.72000122,0.170000002,179245,327.75,0.479999989,1,327.75,272.0299988,130.5800018,Eastern Asia,Tokio,SUSPECTED_FRAUD,,1360,73,,http://images.acmesports.sports/Smart+watch ,Smart watch ,327.75,0,1/19/2018 9:18,Second Class,1/13/2018 9:18
6,PAYMENT,0,0,87.18000031,311.3599854,Shipping on time,0,73,Sporting Goods,Mount Prospect,Estados Unidos,XXXXXXXXX,Kim,19474,Simon,XXXXXXXXX,Consumer,IL,1723 Tawny Via,60056,2,Fitness,42.04830551,-87.96134186,Pacific Asia,Jabalpur,India,19474,75921,1360,16.38999939,0.050000001,179236,327.75,0.280000001,1,327.75,311.3599854,87.18000031,South Asia,Madhya Pradesh,PENDING_PAYMENT,,1360,73,,http://images.acmesports.sports/Smart+watch ,Smart watch ,327.75,0,1/13/2018 18:09,Same Day,1/13/2018 6:09
7,TRANSFER,0,0,154.8600006,309.7200012,Shipping on time,0,73,Sporting Goods,Long Beach,Estados Unidos,XXXXXXXXX,Kellie,19473,Farmer,XXXXXXXXX,Corporate,CA,7111 Silent Fox Gardens,90813,2,Fitness,33.78245163,-118.1922455,Pacific Asia,Jabalpur,India,19473,75920,1360,18.03000069,0.059999999,179235,327.75,0.5,1,327.75,309.7200012,154.8600006,South Asia,Madhya Pradesh,PROCESSING,,1360,73,,http://images.acmesports.sports/Smart+watch ,Smart watch ,327.75,0,1/13/2018 17:48,Same Day,1/13/2018 5:48
8,TRANSFER,3,2,17.70000076,294.980011,Shipping canceled,0,73,Sporting Goods,Caguas,Puerto Rico,XXXXXXXXX,Lucy,19470,Mcknight,XXXXXXXXX,Corporate,PR,1082 Quiet Treasure Link,725,2,Fitness,18.20733643,-66.03705597,Pacific Asia,Geelong,Australia,19470,75917,1360,32.77999878,0.100000001,179232,327.75,0.059999999,1,327.75,294.980011,17.70000076,Oceania,Victoria,CANCELED,,1360,73,,http://images.acmesports.sports/Smart+watch ,Smart watch ,327.75,0,1/16/2018 4:45,Second Class,1/13/2018 4:45
9,TRANSFER,2,2,90.27999878,288.4200134,Shipping canceled,0,73,Sporting Goods,Billings,Estados Unidos,XXXXXXXXX,Simone,19469,Vance,XXXXXXXXX,Corporate,MT,3176 Round Gate,59102,2,Fitness,45.78831101,-108.5594101,Pacific Asia,Brisbane,Australia,19469,75916,1360,39.33000183,0.119999997,179231,327.75,0.310000002,1,327.75,288.4200134,90.27999878,Oceania,Queensland,SUSPECTED_FRAUD,,1360,73,,http://images.acmesports.sports/Smart+watch ,Smart watch ,327.75,0,1/15/2018 4:24,Second Class,1/13/2018 4:24
10,PAYMENT,4,4,82.58999634,275.3099976,Shipping on time,0,73,Sporting Goods,Caguas,Puerto Rico,XXXXXXXXX,Hannah,19466,Velez,XXXXXXXXX,Corporate,PR,8271 Tawny Elk Abbey,725,2,Fitness,18.27022362,-66.0370636,Pacific Asia,Guilin,China,19466,75913,1360,52.43999863,0.159999996,179228,327.75,0.300000012,1,327.75,275.3099976,82.58999634,Eastern Asia,Guangxi,PENDING_PAYMENT,,1360,73,,http://images.acmesports.sports/Smart+watch ,Smart watch ,327.75,0,1/17/2018 3:21,Standard Class,1/13/2018 3:21
11,DEBIT,3,4,-17.13999939,272.0299988,Advance shipping,0,73,Sporting Goods,Roseville,Estados Unidos,XXXXXXXXX,Evelyn,19465,Kelly,XXXXXXXXX,Corporate,MI,3931 Gentle Ramp,48066,2,Fitness,41.86886215,-84.57365418,Pacific Asia,Guilin,China,19465,75912,1360,55.72000122,0.170000002,179227,327.75,-0.059999999,1,327.75,272.0299988,-17.13999939,Eastern Asia,Guangxi,COMPLETE,,1360,73,,http://images.acmesports.sports/Smart+watch ,Smart watch ,327.75,0,1/16/2018 3:00,Standard Class,1/13/2018 3:00
12,TRANSFER,2,4,23.64999962,268.7600098,Advance shipping,0,73,Sporting Goods,Bellflower,Estados Unidos,XXXXXXXXX,Jael,19464,Mcfarland,XXXXXXXXX,Consumer,CA,9699 Honey Rise,90706,2,Fitness,33.90942383,-118.1253586,Pacific Asia,Guilin,China,19464,75911,1360,59,0.180000007,179226,327.75,0.090000004,1,327.75,268.7600098,23.64999962,Eastern Asia,Guangxi,PROCESSING,,1360,73,,http://images.acmesports.sports/Smart+watch ,Smart watch ,327.75,0,1/15/2018 2:39,Standard Class,1/13/2018 2:39
13,PAYMENT,4,4,24.57999992,327.75,Shipping on time,0,73,Sporting Goods,Caguas,Puerto Rico,XXXXXXXXX,Basia,19461,Watts,XXXXXXXXX,Consumer,PR,5918 Golden Beacon Freeway,725,2,Fitness,18.28713608,-66.03705597,Pacific Asia,Delhi,India,19461,75908,1360,0,0,179223,327.75,0.079999998,1,327.75,327.75,24.57999992,South Asia,Delhi,PENDING_PAYMENT,,1360,73,,http://images.acmesports.sports/Smart+watch ,Smart watch ,327.75,0,1/17/2018 1:36,Standard Class,1/13/2018 1:36
14,TRANSFER,1,0,57.29999924,304.8099976,Shipping canceled,0,73,Sporting Goods,Newark,Estados Unidos,XXXXXXXXX,Karina,19454,Prince,XXXXXXXXX,Consumer,DE,2556 Umber Autoroute,19702,2,Fitness,39.68188095,-75.64421082,Pacific Asia,Wollongong,Australia,19454,75901,1360,22.94000053,0.07,179216,327.75,0.189999998,1,327.75,304.8099976,57.29999924,Oceania,Nueva Gales del Sur,CANCELED,,1360,73,,http://images.acmesports.sports/Smart+watch ,Smart watch ,327.75,0,1/13/2018 11:09,Same Day,01/12/2018 23:09
15,CASH,4,4,132.6699982,288.4200134,Shipping on time,0,73,Sporting Goods,Atlanta,Estados Unidos,XXXXXXXXX,Adele,19451,Pennington,XXXXXXXXX,Home Office,GA,833 Amber Anchor Glen,30318,2,Fitness,33.81632614,-84.44550324,Pacific Asia,Medan,Indonesia,19451,75898,1360,39.33000183,0.119999997,179213,327.75,0.460000008,1,327.75,288.4200134,132.6699982,Southeast Asia,Sumatra Septentrional,CLOSED,,1360,73,,http://images.acmesports.sports/Smart+watch ,Smart watch ,327.75,0,1/16/2018 22:05,Standard Class,01/12/2018 22:05
16,PAYMENT,3,4,119.7600021,285.1400146,Advance shipping,0,73,Sporting Goods,Caguas,Puerto Rico,XXXXXXXXX,Sybill,19450,Spencer,XXXXXXXXX,Home Office,PR,830 Quaking Bear Grounds,725,2,Fitness,18.24103928,-66.0370636,Pacific Asia,Medan,Indonesia,19450,75897,1360,42.61000061,0.129999995,179212,327.75,0.419999987,1,327.75,285.1400146,119.7600021,Southeast Asia,Sumatra Septentrional,PENDING_PAYMENT,,1360,73,,http://images.acmesports.sports/Smart+watch ,Smart watch ,327.75,0,1/15/2018 21:44,Standard Class,01/12/2018 21:44
17,DEBIT,2,4,31.47999954,278.5899963,Advance shipping,0,73,Sporting Goods,Fremont,Estados Unidos,XXXXXXXXX,Kay,19449,Sandoval,XXXXXXXXX,Consumer,CA,1509 Middle Oak Isle,94539,2,Fitness,37.49027634,-121.9271088,Pacific Asia,Canberra,Australia,19449,75896,1360,49.15999985,0.150000006,179211,327.75,0.109999999,1,327.75,278.5899963,31.47999954,Oceania,Territorio de la Capital Australiana,COMPLETE,,1360,73,,http://images.acmesports.sports/Smart+watch ,Smart watch ,327.75,0,1/14/2018 21:23,Standard Class,01/12/2018 21:23
18,TRANSFER,4,4,0,268.7600098,Shipping on time,0,73,Sporting Goods,Dallas,Estados Unidos,XXXXXXXXX,Taylor,19446,Wood,XXXXXXXXX,Corporate,TX,9879 Harvest Deer Farms,75211,2,Fitness,32.753685,-96.86553955,Pacific Asia,Yiwu,China,19446,75893,1360,59,0.180000007,179208,327.75,0,1,327.75,268.7600098,0,Eastern Asia,Zhejiang,PROCESSING,,1360,73,,http://images.acmesports.sports/Smart+watch ,Smart watch ,327.75,0,1/16/2018 20:20,Standard Class,01/12/2018 20:20
19,PAYMENT,2,2,-122.7300034,79.18000031,Shipping on time,0,29,Shop By Sport,Caguas,Puerto Rico,XXXXXXXXX,Mary,4741,Smith,XXXXXXXXX,Home Office,PR,9731 Honey Fox Towers,725,5,Golf,18.23557282,-66.3706131,Pacific Asia,Bursa,Turquía,4741,45461,627,0.800000012,0.01,113598,39.99000168,-1.549999952,2,79.98000336,79.18000031,-122.7300034,West Asia,Bursa,PENDING_PAYMENT,,627,29,,http://images.acmesports.sports/Under+Armour+Girls%27+Toddler+Spine+Surge+Running+Shoe,Under Armour Girls' Toddler Spine Surge Runni,39.99000168,0,10/27/2016 14:39,Second Class,10/25/2016 14:39
20,PAYMENT,2,2,24.69000053,75.98000336,Shipping on time,0,29,Shop By Sport,Caguas,Puerto Rico,XXXXXXXXX,Katherine,9702,Tyler,XXXXXXXXX,Home Office,PR,8369 Sunny Crossing,725,5,Golf,18.27383804,-66.37063599,Pacific Asia,Kartal,Turquía,9702,45766,627,4,0.050000001,114401,39.99000168,0.330000013,2,79.98000336,75.98000336,24.69000053,West Asia,Estambul,PENDING_PAYMENT,,627,29,,http://images.acmesports.sports/Under+Armour+Girls%27+Toddler+Spine+Surge+Running+Shoe,Under Armour Girls' Toddler Spine Surge Runni,39.99000168,0,11/01/2016 01:31,Second Class,10/30/2016 1:31
21,PAYMENT,2,2,22.40999985,74.68000031,Shipping on time,0,13,Electronics,Caguas,Puerto Rico,XXXXXXXXX,Mary,3296,Smith,XXXXXXXXX,Home Office,PR,8205 Silver Grove Row,725,3,Footwear,18.23466301,-66.37059784,USCA,Pasco,Estados Unidos,3296,36146,278,15.30000019,0.170000002,90273,44.99000168,0.300000012,2,89.98000336,74.68000031,22.40999985,West of USA ,Washington,PENDING_PAYMENT,99301,278,13,,http://images.acmesports.sports/Under+Armour+Men%27s+Compression+EV+SL+Slide,Under Armour Men's Compression EV SL Slide,44.99000168,0,6/13/2016 15:12,Second Class,06/11/2016 15:12
22,PAYMENT,2,2,-184.7799988,263.9700012,Shipping on time,0,9,Cardio Equipment,Caguas,Puerto Rico,XXXXXXXXX,Brenda,5197,Jordan,XXXXXXXXX,Home Office,PR,4692 Jagged Thicket,725,3,Footwear,18.2689991,-66.37049866,Africa,Ugep,Nigeria,5197,44046,191,36,0.119999997,110025,99.98999786,-0.699999988,3,299.9700012,263.9700012,-184.7799988,West Africa,Cross River,PENDING_PAYMENT,,191,9,,http://images.acmesports.sports/Nike+Men%27s+Free+5.0%2B+Running+Shoe,Nike Men's Free 5.0+ Running Shoe,99.98999786,0,10/06/2016 22:55,Second Class,10/04/2016 22:55
23,PAYMENT,2,2,132.2899933,269.9700012,Shipping on time,0,9,Cardio Equipment,Caguas,Puerto Rico,XXXXXXXXX,Hannah,11329,Smith,XXXXXXXXX,Home Office,PR,5086 Emerald Fox Farms,725,3,Footwear,18.29944229,-66.37052155,Europe,Drancy,Francia,11329,63936,191,30,0.100000001,159828,99.98999786,0.49000001,3,299.9700012,269.9700012,132.2899933,Western Europe,Isla de Francia,PENDING_PAYMENT,,191,9,,http://images.acmesports.sports/Nike+Men%27s+Free+5.0%2B+Running+Shoe,Nike Men's Free 5.0+ Running Shoe,99.98999786,0,7/24/2017 7:16,Second Class,7/22/2017 7:16
24,PAYMENT,2,2,43.52000046,167.3699951,Shipping on time,0,17,Cleats,Caguas,Puerto Rico,XXXXXXXXX,Michael,9353,Scott,XXXXXXXXX,Home Office,PR,5703 Tawny Creek Townline,725,4,Apparel,18.2988205,-66.37059784,Europe,Gateshead,Reino Unido,9353,62571,365,12.60000038,0.07,156394,59.99000168,0.25999999,3,179.9700012,167.3699951,43.52000046,Northern Europe,Inglaterra,PENDING_PAYMENT,,365,17,,http://images.acmesports.sports/Perfect+Fitness+Perfect+Rip+Deck,Perfect Fitness Perfect Rip Deck,59.99000168,0,07/04/2017 09:03,Second Class,07/02/2017 09:03
25,PAYMENT,2,2,13.19999981,132,Shipping on time,0,24,Women's Apparel,Caguas,Puerto Rico,XXXXXXXXX,Wayne,4673,Hodges,XXXXXXXXX,Home Office,PR,7509 Iron Concession,725,5,Golf,18.20111656,-66.37059021,LATAM,Tlaquepaque,México,4673,5991,502,18,0.119999997,14921,50,0.100000001,3,150,132,13.19999981,Central America,Jalisco,PENDING_PAYMENT,,502,24,,http://images.acmesports.sports/Nike+Men%27s+Dri-FIT+Victory+Golf+Polo,Nike Men's Dri-FIT Victory Golf Polo,50,0,3/31/2015 10:33,Second Class,3/29/2015 10:33
26,TRANSFER,4,4,68.58999634,188.9499969,Shipping on time,0,29,Shop By Sport,Caguas,Puerto Rico,XXXXXXXXX,Mary,4209,Lara,XXXXXXXXX,Consumer,PR,1613 Broad Beach,725,5,Golf,18.20330429,-66.37052155,LATAM,São Paulo,Brasil,4209,6358,627,11,0.059999999,15921,39.99000168,0.360000014,5,199.9499969,188.9499969,68.58999634,South America,São Paulo,PENDING,,627,29,,http://images.acmesports.sports/Under+Armour+Girls%27+Toddler+Spine+Surge+Running+Shoe,Under Armour Girls' Toddler Spine Surge Runni,39.99000168,0,04/07/2015 19:08,Standard Class,04/03/2015 19:08
27,TRANSFER,2,4,51.97999954,236.25,Advance shipping,0,24,Women's Apparel,Caguas,Puerto Rico,XXXXXXXXX,Mary,8917,Smith,XXXXXXXXX,Consumer,PR,4992 Jagged Forest Subdivision,725,5,Golf,18.22487068,-66.37052155,LATAM,Barueri,Brasil,8917,57106,502,13.75,0.059999999,142841,50,0.219999999,5,250,236.25,51.97999954,South America,São Paulo,PENDING,,502,24,,http://images.acmesports.sports/Nike+Men%27s+Dri-FIT+Victory+Golf+Polo,Nike Men's Dri-FIT Victory Golf Polo,50,0,4/15/2017 14:25,Standard Class,4/13/2017 14:25
28,TRANSFER,2,4,66.88999939,136.5,Advance shipping,0,29,Shop By Sport,Caguas,Puerto Rico,XXXXXXXXX,Christina,1425,Harvey,XXXXXXXXX,Consumer,PR,3481 Crystal Campus,725,5,Golf,18.27340317,-66.37052155,LATAM,Camagüey,Cuba,1425,52166,642,13.5,0.090000004,130341,30,0.49000001,5,150,136.5,66.88999939,Caribbean,Camagüey,PENDING,,642,29,,http://images.acmesports.sports/Columbia+Men%27s+PFG+Anchor+Tough+T-Shirt,Columbia Men's PFG Anchor Tough T-Shirt,30,0,02/02/2017 11:43,Standard Class,1/31/2017 11:43
29,TRANSFER,3,4,11.46000004,181.9499969,Advance shipping,0,29,Shop By Sport,Caguas,Puerto Rico,XXXXXXXXX,Mary,2737,Smith,XXXXXXXXX,Consumer,PR,5424 Rustic Anchor Boulevard,725,5,Golf,18.29137993,-66.3705368,LATAM,Las Tunas,Cuba,2737,56172,627,18,0.090000004,140494,39.99000168,0.059999999,5,199.9499969,181.9499969,11.46000004,Caribbean,Las Tunas,PENDING,,627,29,,http://images.acmesports.sports/Under+Armour+Girls%27+Toddler+Spine+Surge+Running+Shoe,Under Armour Girls' Toddler Spine Surge Runni,39.99000168,0,04/02/2017 23:12,Standard Class,3/30/2017 23:12
30,TRANSFER,4,4,67.5,225,Shipping on time,0,24,Women's Apparel,Caguas,Puerto Rico,XXXXXXXXX,Alexander,6543,Smith,XXXXXXXXX,Consumer,PR,7958 Thunder Apple Street,725,5,Golf,18.27920532,-66.37055206,LATAM,Tepic,México,6543,52478,502,25,0.100000001,131161,50,0.300000012,5,250,225,67.5,Central America,Nayarit,PENDING,,502,24,,http://images.acmesports.sports/Nike+Men%27s+Dri-FIT+Victory+Golf+Polo,Nike Men's Dri-FIT Victory Golf Polo,50,0,02/09/2017 01:01,Standard Class,02/05/2017 01:01
31,TRANSFER,3,4,78.27999878,173.9600067,Advance shipping,0,29,Shop By Sport,Guayama,Puerto Rico,XXXXXXXXX,Sandra,3990,Smith,XXXXXXXXX,Consumer,PR,6496 Harvest Highlands,784,5,Golf,17.98249054,-66.1126709,LATAM,San Miguelito,Panamá,3990,57242,627,25.98999977,0.129999995,143183,39.99000168,0.449999988,5,199.9499969,173.9600067,78.27999878,Central America,Panamá,PENDING,,627,29,,http://images.acmesports.sports/Under+Armour+Girls%27+Toddler+Spine+Surge+Running+Shoe,Under Armour Girls' Toddler Spine Surge Runni,39.99000168,0,4/18/2017 14:04,Standard Class,4/15/2017 14:04
32,TRANSFER,3,4,104.4000015,217.5,Advance shipping,0,24,Women's Apparel,Caguas,Puerto Rico,XXXXXXXXX,Ruth,8524,Farrell,XXXXXXXXX,Consumer,PR,1453 Lazy Cider Hill,725,5,Golf,18.24496079,-66.3705368,LATAM,Ixtapaluca,México,8524,3137,502,32.5,0.129999995,7805,50,0.479999989,5,250,217.5,104.4000015,Central America,México,PENDING,,502,24,,http://images.acmesports.sports/Nike+Men%27s+Dri-FIT+Victory+Golf+Polo,Nike Men's Dri-FIT Victory Golf Polo,50,0,2/18/2015 18:40,Standard Class,2/15/2015 18:40
33,TRANSFER,3,4,47.84999847,217.5,Advance shipping,0,24,Women's Apparel,Caguas,Puerto Rico,XXXXXXXXX,Mary,9204,Harris,XXXXXXXXX,Consumer,PR,8713 Quaking Abbey,725,5,Golf,18.28453636,-66.37060547,LATAM,Maceió,Brasil,9204,60127,502,32.5,0.129999995,150464,50,0.219999999,5,250,217.5,47.84999847,South America,Alagoas,PENDING,,502,24,,http://images.acmesports.sports/Nike+Men%27s+Dri-FIT+Victory+Golf+Polo,Nike Men's Dri-FIT Victory Golf Polo,50,0,5/30/2017 16:48,Standard Class,5/27/2017 16:48
34,TRANSFER,4,4,44.18999863,169.9600067,Shipping on time,0,29,Shop By Sport,Caguas,Puerto Rico,XXXXXXXXX,Lauren,11761,Coleman,XXXXXXXXX,Consumer,PR,1285 Noble Pointe,725,5,Golf,18.28339195,-66.37051392,LATAM,David,Panamá,11761,3828,627,29.98999977,0.150000006,9521,39.99000168,0.25999999,5,199.9499969,169.9600067,44.18999863,Central America,Chiriquí,PENDING,,627,29,,http://images.acmesports.sports/Under+Armour+Girls%27+Toddler+Spine+Surge+Running+Shoe,Under Armour Girls' Toddler Spine Surge Runni,39.99000168,0,03/01/2015 20:46,Standard Class,2/25/2015 20:46
35,TRANSFER,2,4,8.5,212.5,Advance shipping,0,24,Women's Apparel,Caguas,Puerto Rico,XXXXXXXXX,Mary,9554,Hayes,XXXXXXXXX,Consumer,PR,6314 Honey Canyon,725,5,Golf,18.22172546,-66.37059021,LATAM,Belo Horizonte,Brasil,9554,60386,502,37.5,0.150000006,151122,50,0.039999999,5,250,212.5,8.5,South America,Minas Gerais,PENDING,,502,24,,http://images.acmesports.sports/Nike+Men%27s+Dri-FIT+Victory+Golf+Polo,Nike Men's Dri-FIT Victory Golf Polo,50,0,06/02/2017 11:33,Standard Class,5/31/2017 11:33
36,TRANSFER,4,4,83.98000336,167.9600067,Shipping on time,0,29,Shop By Sport,Caguas,Puerto Rico,XXXXXXXXX,Mary,5118,Smith,XXXXXXXXX,Consumer,PR,1388 Blue Turnabout,725,5,Golf,18.25333214,-66.37051392,LATAM,Santiago de Cuba,Cuba,5118,973,627,31.98999977,0.159999996,2420,39.99000168,0.5,5,199.9499969,167.9600067,83.98000336,Caribbean,Santiago de Cuba,PENDING,,627,29,,http://images.acmesports.sports/Under+Armour+Girls%27+Toddler+Spine+Surge+Running+Shoe,Under Armour Girls' Toddler Spine Surge Runni,39.99000168,0,1/19/2015 4:32,Standard Class,1/15/2015 4:32
37,TRANSFER,4,4,-140,200,Shipping on time,0,24,Women's Apparel,Caguas,Puerto Rico,XXXXXXXXX,Mary,138,Dawson,XXXXXXXXX,Consumer,PR,9544 Noble Spring Route,725,5,Golf,18.22758102,-66.04357147,LATAM,Holguín,Cuba,138,57598,502,50,0.200000003,144075,50,-0.699999988,5,250,200,-140,Caribbean,Holguín,PENDING,,502,24,,http://images.acmesports.sports/Nike+Men%27s+Dri-FIT+Victory+Golf+Polo,Nike Men's Dri-FIT Victory Golf Polo,50,0,4/24/2017 18:47,Standard Class,4/20/2017 18:47
38,TRANSFER,4,4,68.98000336,149.9600067,Shipping on time,0,29,Shop By Sport,Caguas,Puerto Rico,XXXXXXXXX,Ronald,2053,Smith,XXXXXXXXX,Consumer,PR,1025 Colonial Plaza,725,5,Golf,18.24120712,-66.37050629,LATAM,Managua,Nicaragua,2053,60673,627,49.99000168,0.25,151869,39.99000168,0.460000008,5,199.9499969,149.9600067,68.98000336,Central America,Managua,PENDING,,627,29,,http://images.acmesports.sports/Under+Armour+Girls%27+Toddler+Spine+Surge+Running+Shoe,Under Armour Girls' Toddler Spine Surge Runni,39.99000168,0,06/08/2017 16:06,Standard Class,06/04/2017 16:06
39,TRANSFER,3,4,-11.81000042,187.5,Advance shipping,0,24,Women's Apparel,Juana Diaz,Puerto Rico,XXXXXXXXX,Mary,10344,Smith,XXXXXXXXX,Consumer,PR,2839 Grand Timber Canyon,795,5,Golf,18.05199051,-66.50184631,LATAM,Villahermosa,México,10344,59387,502,62.5,0.25,148673,50,-0.059999999,5,250,187.5,-11.81000042,Central America,Tabasco,PENDING,,502,24,,http://images.acmesports.sports/Nike+Men%27s+Dri-FIT+Victory+Golf+Polo,Nike Men's Dri-FIT Victory Golf Polo,50,0,5/19/2017 21:33,Standard Class,5/16/2017 21:33
40,TRANSFER,3,4,91.87999725,187.5,Advance shipping,0,24,Women's Apparel,Caguas,Puerto Rico,XXXXXXXXX,Mary,3375,Sanchez,XXXXXXXXX,Consumer,PR,6174 Wishing Front,725,5,Golf,18.20664215,-66.37052918,LATAM,Quixadá,Brasil,3375,10007,502,62.5,0.25,24992,50,0.49000001,5,250,187.5,91.87999725,South America,Ceará,PENDING,,502,24,,http://images.acmesports.sports/Nike+Men%27s+Dri-FIT+Victory+Golf+Polo,Nike Men's Dri-FIT Victory Golf Polo,50,0,5/30/2015 1:32,Standard Class,5/27/2015 1:32
41,TRANSFER,4,4,34.84999847,124.4599991,Shipping on time,0,44,Hunting & Shooting,Caguas,Puerto Rico,XXXXXXXXX,Mary,7247,Smith,XXXXXXXXX,Consumer,PR,6401 Shady Embers Farms,725,7,Fan Shop,18.22776032,-66.37059021,LATAM,Nueva Gerona,Cuba,7247,56448,977,25.48999977,0.170000002,141192,29.98999977,0.280000001,5,149.9499969,124.4599991,34.84999847,Caribbean,Isla de la Juventud,PENDING,,977,44,,http://images.acmesports.sports/ENO+Atlas+Hammock+Straps,ENO Atlas Hammock Straps,29.98999977,0,04/07/2017 23:53,Standard Class,04/03/2017 23:53
42,TRANSFER,2,4,74.08999634,284.9500122,Advance shipping,0,3,Baseball & Softball,Caguas,Puerto Rico,XXXXXXXXX,Maria,1273,Evans,XXXXXXXXX,Consumer,PR,595 Indian Path,725,2,Fitness,18.2362442,-66.37062073,LATAM,Buenos Aires,Argentina,1273,8221,44,15,0.050000001,20537,59.99000168,0.25999999,5,299.9500122,284.9500122,74.08999634,South America,Buenos Aires,PROCESSING,,44,3,,http://images.acmesports.sports/adidas+Men%27s+F10+Messi+TRX+FG+Soccer+Cleat,adidas Men's F10 Messi TRX FG Soccer Cleat,59.99000168,0,05/02/2015 23:49,Standard Class,4/30/2015 23:49
43,TRANSFER,4,4,-18.80999947,494.9500122,Shipping on time,0,9,Cardio Equipment,Caguas,Puerto Rico,XXXXXXXXX,James,7701,Lawson,XXXXXXXXX,Consumer,PR,1577 Green Vista,725,3,Footwear,18.25289154,-66.37058258,LATAM,Villa Nueva,Guatemala,7701,2203,191,5,0.01,5525,99.98999786,-0.039999999,5,499.9500122,494.9500122,-18.80999947,Central America,Guatemala,PROCESSING,,191,9,,http://images.acmesports.sports/Nike+Men%27s+Free+5.0%2B+Running+Shoe,Nike Men's Free 5.0+ Running Shoe,99.98999786,0,02/06/2015 03:27,Standard Class,02/02/2015 03:27
44,TRANSFER,2,4,36,479.9500122,Advance shipping,0,9,Cardio Equipment,Caguas,Puerto Rico,XXXXXXXXX,Mary,9528,Flores,XXXXXXXXX,Consumer,PR,3089 Gentle Horse Chase,725,3,Footwear,18.22190094,-66.37052155,LATAM,Managua,Nicaragua,9528,60146,191,20,0.039999999,150522,99.98999786,0.079999998,5,499.9500122,479.9500122,36,Central America,Managua,PROCESSING,,191,9,,http://images.acmesports.sports/Nike+Men%27s+Free+5.0%2B+Running+Shoe,Nike Men's Free 5.0+ Running Shoe,99.98999786,0,5/29/2017 23:28,Standard Class,5/27/2017 23:28
45,TRANSFER,4,4,-783.6699829,474.9500122,Shipping on time,0,9,Cardio Equipment,Caguas,Puerto Rico,XXXXXXXXX,Roy,11149,Smith,XXXXXXXXX,Consumer,PR,4601 Amber Grove Hollow,725,3,Footwear,18.28128624,-66.37050629,LATAM,San Miguelito,Panamá,11149,8678,191,25,0.050000001,21674,99.98999786,-1.649999976,5,499.9500122,474.9500122,-783.6699829,Central America,Panamá,PROCESSING,,191,9,,http://images.acmesports.sports/Nike+Men%27s+Free+5.0%2B+Running+Shoe,Nike Men's Free 5.0+ Running Shoe,99.98999786,0,05/11/2015 15:56,Standard Class,05/07/2015 15:56
46,TRANSFER,2,4,-22.5,449.9599915,Advance shipping,0,9,Cardio Equipment,Caguas,Puerto Rico,XXXXXXXXX,Janet,4781,Smith,XXXXXXXXX,Consumer,PR,8617 Cinder Mountain Forest,725,3,Footwear,18.25534058,-66.37050629,LATAM,Cotia,Brasil,4781,8636,191,50,0.100000001,21551,99.98999786,-0.050000001,5,499.9500122,449.9599915,-22.5,South America,São Paulo,PROCESSING,,191,9,,http://images.acmesports.sports/Nike+Men%27s+Free+5.0%2B+Running+Shoe,Nike Men's Free 5.0+ Running Shoe,99.98999786,0,05/09/2015 01:13,Standard Class,05/07/2015 01:13
47,TRANSFER,3,4,59.06000137,337.4599915,Advance shipping,0,12,Boxing & MMA,Caguas,Puerto Rico,XXXXXXXXX,Mary,10668,Smith,XXXXXXXXX,Consumer,PR,5087 Crystal Hills Manor,725,3,Footwear,18.23215866,-66.37059021,LATAM,Itapecuru Mirim,Brasil,10668,61192,251,112.4899979,0.25,153077,89.98999786,0.180000007,5,449.9500122,337.4599915,59.06000137,South America,Marañón,PROCESSING,,251,12,,http://images.acmesports.sports/Brooks+Women%27s+Ghost+6+Running+Shoe,Brooks Women's Ghost 6 Running Shoe,89.98999786,0,6/15/2017 5:55,Standard Class,06/12/2017 05:55
48,TRANSFER,2,4,140.9799957,299.9500122,Advance shipping,0,17,Cleats,Caguas,Puerto Rico,XXXXXXXXX,Mary,5421,Carlson,XXXXXXXXX,Consumer,PR,1548 Lazy Place,725,4,Apparel,18.20737648,-66.37055206,LATAM,León,Nicaragua,5421,55876,365,0,0,139714,59.99000168,0.469999999,5,299.9500122,299.9500122,140.9799957,Central America,León,PROCESSING,,365,17,,http://images.acmesports.sports/Perfect+Fitness+Perfect+Rip+Deck,Perfect Fitness Perfect Rip Deck,59.99000168,0,3/28/2017 15:30,Standard Class,3/26/2017 15:30
49,TRANSFER,2,4,81.66000366,296.9500122,Advance shipping,0,17,Cleats,Caguas,Puerto Rico,XXXXXXXXX,Nicole,10200,Smith,XXXXXXXXX,Consumer,PR,9009 Merry Nectar Heights,725,4,Apparel,18.27331543,-66.37060547,LATAM,Tlalpan,México,10200,53331,365,3,0.01,133251,59.99000168,0.280000001,5,299.9500122,296.9500122,81.66000366,Central America,Distrito Federal,PROCESSING,,365,17,,http://images.acmesports.sports/Perfect+Fitness+Perfect+Rip+Deck,Perfect Fitness Perfect Rip Deck,59.99000168,0,2/19/2017 11:52,Standard Class,2/17/2017 11:52
50,TRANSFER,3,4,33.22000122,293.9500122,Advance shipping,0,17,Cleats,Caguas,Puerto Rico,XXXXXXXXX,Mary,11106,Navarro,XXXXXXXXX,Consumer,PR,6324 Lazy Lane,725,4,Apparel,18.26016426,-66.37059021,LATAM,Cipolletti,Argentina,11106,52562,365,6,0.02,131382,59.99000168,0.109999999,5,299.9500122,293.9500122,33.22000122,South America,Río Negro,PROCESSING,,365,17,,http://images.acmesports.sports/Perfect+Fitness+Perfect+Rip+Deck,Perfect Fitness Perfect Rip Deck,59.99000168,0,02/09/2017 06:27,Standard Class,02/06/2017 06:27
51,DEBIT,2,2,21.36000061,427.1799927,Shipping on time,0,62,Cameras ,Caguas,Puerto Rico,XXXXXXXXX,Ila,13179,Knight,XXXXXXXXX,Consumer,PR,2668 Velvet Row ,725,10,Technology,18.25508499,-66.03705597,Europe,Drancy,Francia,13179,69626,1349,24.86000061,0.059999999,172941,452.0400085,0.050000001,1,452.0400085,427.1799927,21.36000061,Western Europe,Isla de Francia,COMPLETE,,1349,62,,http://images.acmesports.sports/Web+Camera,Web Camera,452.0400085,0,10/15/2017 8:44,Second Class,10/13/2017 8:44
52,DEBIT,2,2,6.900000095,230.1199951,Shipping on time,0,65,Consumer Electronics,Caguas,Puerto Rico,XXXXXXXXX,Demetria,14604,Jarvis,XXXXXXXXX,Consumer,PR,4854 Tawny Cove,725,10,Technology,18.29532433,-66.03705597,Europe,Oldham,Reino Unido,14604,71051,1352,22.76000023,0.090000004,174366,252.8800049,0.029999999,1,252.8800049,230.1199951,6.900000095,Northern Europe,Inglaterra,COMPLETE,,1352,65,,http://images.acmesports.sports/Industrial+consumer+electronics,Industrial consumer electronics,252.8800049,0,11/05/2017 03:58,Second Class,11/03/2017 03:58
53,DEBIT,2,2,195.2799988,406.8399963,Shipping on time,0,62,Cameras ,Caguas,Puerto Rico,XXXXXXXXX,Riley,13194,Jones,XXXXXXXXX,Consumer,PR,6370 Emerald Row ,725,10,Technology,18.23524284,-66.03705597,Europe,Girona,España,13194,69641,1349,45.20000076,0.100000001,172956,452.0400085,0.479999989,1,452.0400085,406.8399963,195.2799988,Southern Europe,Cataluña,COMPLETE,,1349,62,,http://images.acmesports.sports/Web+Camera,Web Camera,452.0400085,0,10/15/2017 13:59,Second Class,10/13/2017 13:59
54,DEBIT,2,2,118.6600037,339.0299988,Shipping on time,0,62,Cameras ,Caguas,Puerto Rico,XXXXXXXXX,Giselle,13024,Farrell,XXXXXXXXX,Consumer,PR,3710 Little Nook ,725,10,Technology,18.29184341,-66.03704834,Europe,Kilwinning,Reino Unido,13024,69471,1349,113.0100021,0.25,172786,452.0400085,0.349999994,1,452.0400085,339.0299988,118.6600037,Northern Europe,Escocia,COMPLETE,,1349,62,,http://images.acmesports.sports/Web+Camera,Web Camera,452.0400085,0,10/13/2017 2:26,Second Class,10/11/2017 02:26
55,TRANSFER,5,4,28.85000038,128.2200012,Shipping canceled,0,13,Electronics,Freeport,Estados Unidos,XXXXXXXXX,Patricia,1509,Petersen,XXXXXXXXX,Consumer,NY,3675 Emerald Goose Bank,11520,3,Footwear,40.65486527,-73.58707428,USCA,Houston,Estados Unidos,1509,33824,278,6.75,0.050000001,84424,44.99000168,0.230000004,3,134.9700012,128.2200012,28.85000038,US Center ,Texas,SUSPECTED_FRAUD,77041,278,13,,http://images.acmesports.sports/Under+Armour+Men%27s+Compression+EV+SL+Slide,Under Armour Men's Compression EV SL Slide,44.99000168,0,5/13/2016 17:42,Standard Class,05/08/2016 17:42
56,TRANSFER,5,4,133.9100037,278.9700012,Shipping canceled,0,9,Cardio Equipment,Fort Washington,Estados Unidos,XXXXXXXXX,Julie,1636,Petersen,XXXXXXXXX,Consumer,MD,9375 Harvest Circuit,20744,3,Footwear,38.74266434,-76.9917984,USCA,Gilbert,Estados Unidos,1636,31364,191,21,0.07,78398,99.98999786,0.479999989,3,299.9700012,278.9700012,133.9100037,West of USA ,Arizona,SUSPECTED_FRAUD,85234,191,9,,http://images.acmesports.sports/Nike+Men%27s+Free+5.0%2B+Running+Shoe,Nike Men's Free 5.0+ Running Shoe,99.98999786,0,04/07/2016 19:51,Standard Class,04/02/2016 19:51
57,TRANSFER,6,4,79.16000366,272.9700012,Shipping canceled,0,9,Cardio Equipment,Bakersfield,Estados Unidos,XXXXXXXXX,Lisa,2784,Smith,XXXXXXXXX,Consumer,CA,3993 Thunder Hills Port,93304,3,Footwear,35.36254501,-119.0186996,USCA,San Jose,Estados Unidos,2784,40495,191,27,0.090000004,101052,99.98999786,0.289999992,3,299.9700012,272.9700012,79.16000366,West of USA ,California,SUSPECTED_FRAUD,95123,191,9,,http://images.acmesports.sports/Nike+Men%27s+Free+5.0%2B+Running+Shoe,Nike Men's Free 5.0+ Running Shoe,99.98999786,0,8/20/2016 2:51,Standard Class,8/14/2016 2:51
58,TRANSFER,2,4,10.77000046,170.9700012,Shipping canceled,0,17,Cleats,Corona,Estados Unidos,XXXXXXXXX,Tyler,9174,Smith,XXXXXXXXX,Consumer,NY,9414 Thunder Island Court,11368,4,Apparel,40.74210739,-73.86962128,USCA,Fresno,Estados Unidos,9174,34506,365,9,0.050000001,86191,59.99000168,0.059999999,3,179.9700012,170.9700012,10.77000046,West of USA ,California,SUSPECTED_FRAUD,93727,365,17,,http://images.acmesports.sports/Perfect+Fitness+Perfect+Rip+Deck,Perfect Fitness Perfect Rip Deck,59.99000168,0,5/20/2016 16:38,Standard Class,5/18/2016 16:38
59,TRANSFER,3,4,-284.5299988,167.3699951,Shipping canceled,0,17,Cleats,Cincinnati,Estados Unidos,XXXXXXXXX,Karen,122,Smith,XXXXXXXXX,Consumer,OH,7573 Cozy Goose Road,45238,4,Apparel,39.28849411,-84.3551178,USCA,Peoria,Estados Unidos,122,33607,365,12.60000038,0.07,83892,59.99000168,-1.700000048,3,179.9700012,167.3699951,-284.5299988,West of USA ,Arizona,SUSPECTED_FRAUD,85345,365,17,,http://images.acmesports.sports/Perfect+Fitness+Perfect+Rip+Deck,Perfect Fitness Perfect Rip Deck,59.99000168,0,05/08/2016 13:40,Standard Class,05/05/2016 13:40
60,TRANSFER,3,4,69.68000031,158.3699951,Shipping canceled,0,17,Cleats,Germantown,Estados Unidos,XXXXXXXXX,Shawn,3800,Smith,XXXXXXXXX,Consumer,MD,5985 Silent Leaf Vale,20874,4,Apparel,39.1836586,-77.26545715,USCA,Cincinnati,Estados Unidos,3800,32617,365,21.60000038,0.119999997,81596,59.99000168,0.439999998,3,179.9700012,158.3699951,69.68000031,East of USA,Ohio,SUSPECTED_FRAUD,45231,365,17,,http://images.acmesports.sports/Perfect+Fitness+Perfect+Rip+Deck,Perfect Fitness Perfect Rip Deck,59.99000168,0,4/24/2016 2:50,Standard Class,4/21/2016 2:50
61,TRANSFER,2,4,7.480000019,118.7699966,Shipping canceled,0,29,Shop By Sport,Carrollton,Estados Unidos,XXXXXXXXX,Mary,10029,Silva,XXXXXXXXX,Consumer,TX,1230 Crystal Lookout,75006,5,Golf,32.96593094,-96.84902191,USCA,Columbus,Estados Unidos,10029,37496,627,1.200000048,0.01,93579,39.99000168,0.059999999,3,119.9700012,118.7699966,7.480000019,US Center ,Indiana,SUSPECTED_FRAUD,47201,627,29,,http://images.acmesports.sports/Under+Armour+Girls%27+Toddler+Spine+Surge+Running+Shoe,Under Armour Girls' Toddler Spine Surge Runni,39.99000168,0,07/03/2016 08:10,Standard Class,07/01/2016 08:10
62,TRANSFER,6,4,-24.8199997,132,Shipping canceled,0,24,Women's Apparel,Houston,Estados Unidos,XXXXXXXXX,Willie,2805,Smith,XXXXXXXXX,Consumer,TX,6350 Lost Hollow,77093,5,Golf,29.83435631,-95.33792877,USCA,Ottawa,Canada,2805,49075,502,18,0.119999997,122703,50,-0.189999998,3,150,132,-24.8199997,Canada,Ontario,SUSPECTED_FRAUD,,502,24,,http://images.acmesports.sports/Nike+Men%27s+Dri-FIT+Victory+Golf+Polo,Nike Men's Dri-FIT Victory Golf Polo,50,0,12/23/2016 8:48,Standard Class,12/17/2016 8:48
63,TRANSFER,4,4,-76.37000275,99.58000183,Shipping canceled,0,29,Shop By Sport,Carlisle,Estados Unidos,XXXXXXXXX,Mary,12253,Chan,XXXXXXXXX,Consumer,PA,4898 Red Butterfly Autoroute,17013,5,Golf,40.2372818,-76.96795654,USCA,Kitchener,Canada,12253,41623,627,20.38999939,0.170000002,103905,39.99000168,-0.769999981,3,119.9700012,99.58000183,-76.37000275,Canada,Ontario,SUSPECTED_FRAUD,,627,29,,http://images.acmesports.sports/Under+Armour+Girls%27+Toddler+Spine+Surge+Running+Shoe,Under Armour Girls' Toddler Spine Surge Runni,39.99000168,0,09/03/2016 14:02,Standard Class,8/30/2016 14:02
64,TRANSFER,2,4,8.760000229,99.58000183,Shipping canceled,0,29,Shop By Sport,Los Angeles,Estados Unidos,XXXXXXXXX,Nicole,3528,Brooks,XXXXXXXXX,Consumer,CA,7312 Crystal Willow Villas,90023,5,Golf,34.20339966,-118.6059036,USCA,Philadelphia,Estados Unidos,3528,39271,627,20.38999939,0.170000002,98043,39.99000168,0.090000004,3,119.9700012,99.58000183,8.760000229,East of USA,Pensilvania,SUSPECTED_FRAUD,19134,627,29,,http://images.acmesports.sports/Under+Armour+Girls%27+Toddler+Spine+Surge+Running+Shoe,Under Armour Girls' Toddler Spine Surge Runni,39.99000168,0,7/29/2016 6:01,Standard Class,7/27/2016 6:01
65,TRANSFER,4,4,36.36999893,74.22000122,Shipping canceled,0,40,Accessories,Ewa Beach,Estados Unidos,XXXXXXXXX,Bruce,11018,Smith,XXXXXXXXX,Consumer,HI,9595 Blue Promenade,96706,6,Outdoors,21.31185532,-158.0046844,USCA,Des Plaines,Estados Unidos,11018,38598,893,0.75,0.01,96337,24.98999977,0.49000001,3,74.97000122,74.22000122,36.36999893,US Center ,Illinois,SUSPECTED_FRAUD,60016,893,40,,http://images.acmesports.sports/Team+Golf+Pittsburgh+Steelers+Putter+Grip,Team Golf Pittsburgh Steelers Putter Grip,24.98999977,0,7/21/2016 10:14,Standard Class,7/17/2016 10:14
66,TRANSFER,6,4,18.12999916,40.29000092,Shipping canceled,0,41,Trade-In,Lakewood,Estados Unidos,XXXXXXXXX,Mary,3222,Williams,XXXXXXXXX,Consumer,NJ,1790 Noble Brook Run,8701,6,Outdoors,40.09635925,-74.21524048,USCA,Elmhurst,Estados Unidos,3222,37845,924,7.679999828,0.159999996,94445,15.98999977,0.449999988,3,47.97000122,40.29000092,18.12999916,US Center ,Illinois,SUSPECTED_FRAUD,60126,924,41,,http://images.acmesports.sports/Glove+It+Urban+Brick+Golf+Towel,Glove It Urban Brick Golf Towel,15.98999977,0,07/12/2016 10:26,Standard Class,07/06/2016 10:26
67,TRANSFER,2,4,-12.98999977,227.9600067,Shipping canceled,0,17,Cleats,Rome,Estados Unidos,XXXXXXXXX,Melissa,6246,Ramirez,XXXXXXXXX,Consumer,NY,2459 Round Spring Towers,13440,4,Apparel,43.21662521,-75.45603943,Africa,Antananarivo,Madagascar,6246,42331,365,12,0.050000001,105703,59.99000168,-0.059999999,4,239.9600067,227.9600067,-12.98999977,East Africa,Analamanga,CANCELED,,365,17,,http://images.acmesports.sports/Perfect+Fitness+Perfect+Rip+Deck,Perfect Fitness Perfect Rip Deck,59.99000168,0,09/11/2016 22:05,Standard Class,09/09/2016 22:05
68,TRANSFER,6,4,74.04000092,203.9700012,Shipping canceled,0,17,Cleats,Vista,Estados Unidos,XXXXXXXXX,Gregory,8741,Smith,XXXXXXXXX,Consumer,CA,690 Colonial Pine Passage,92083,4,Apparel,33.21121979,-117.2510605,Africa,Algiers,Argelia,8741,41345,365,35.99000168,0.150000006,103211,59.99000168,0.360000014,4,239.9600067,203.9700012,74.04000092,North Africa,Alger,CANCELED,,365,17,,http://images.acmesports.sports/Perfect+Fitness+Perfect+Rip+Deck,Perfect Fitness Perfect Rip Deck,59.99000168,0,09/01/2016 12:38,Standard Class,8/26/2016 12:38
69,TRANSFER,4,4,90,200,Shipping canceled,0,24,Women's Apparel,Fort Worth,Estados Unidos,XXXXXXXXX,Elizabeth,8050,Smith,XXXXXXXXX,Consumer,TX,739 Jagged Goose Street,76106,5,Golf,32.8013916,-97.3302536,Africa,Monrovia,Liberia,8050,51168,502,0,0,127882,50,0.449999988,4,200,200,90,West Africa,Montserrado,CANCELED,,502,24,,http://images.acmesports.sports/Nike+Men%27s+Dri-FIT+Victory+Golf+Polo,Nike Men's Dri-FIT Victory Golf Polo,50,0,1/20/2017 22:04,Standard Class,1/16/2017 22:04
70,TRANSFER,5,4,85.05000305,189,Shipping canceled,0,24,Women's Apparel,Fond Du Lac,Estados Unidos,XXXXXXXXX,Mary,5474,Sanchez,XXXXXXXXX,Consumer,WI,29 Gentle Spring Mews,54935,5,Golf,43.78569031,-88.47438049,Africa,Jartum,Sudán,5474,43599,502,11,0.059999999,108885,50,0.449999988,4,200,189,85.05000305,North Africa,Jartum,CANCELED,,502,24,,http://images.acmesports.sports/Nike+Men%27s+Dri-FIT+Victory+Golf+Polo,Nike Men's Dri-FIT Victory Golf Polo,50,0,10/03/2016 10:19,Standard Class,9/28/2016 10:19
71,TRANSFER,2,4,3.039999962,79.97000122,Shipping canceled,0,40,Accessories,Philadelphia,Estados Unidos,XXXXXXXXX,Mary,474,Patton,XXXXXXXXX,Consumer,PA,5532 Tawny Pines,19139,6,Outdoors,39.79661942,-75.47006989,Africa,Gagnoa,Costa de Marfil,474,41901,905,19.98999977,0.200000003,104591,24.98999977,0.039999999,4,99.95999908,79.97000122,3.039999962,West Africa,Fromager,CANCELED,,905,40,,http://images.acmesports.sports/Team+Golf+Texas+Longhorns+Putter+Grip,Team Golf Texas Longhorns Putter Grip,24.98999977,0,09/05/2016 15:26,Standard Class,09/03/2016 15:26
72,TRANSFER,2,4,-266.7900085,363.9599915,Advance shipping,0,9,Cardio Equipment,Ontario,Estados Unidos,XXXXXXXXX,Mary,12255,Davis,XXXXXXXXX,Consumer,CA,4502 Hazy Run,91764,3,Footwear,34.07656479,-117.61409,Africa,Livingstone,Zambia,12255,42751,191,36,0.090000004,106706,99.98999786,-0.730000019,4,399.9599915,363.9599915,-266.7900085,East Africa,Meridional,PENDING,,191,9,,http://images.acmesports.sports/Nike+Men%27s+Free+5.0%2B+Running+Shoe,Nike Men's Free 5.0+ Running Shoe,99.98999786,0,9/18/2016 1:13,Standard Class,9/16/2016 1:13
73,TRANSFER,4,4,64.79000092,239.9600067,Shipping on time,0,17,Cleats,Oviedo,Estados Unidos,XXXXXXXXX,Mark,10288,Smith,XXXXXXXXX,Consumer,FL,6026 Stony Elk Hill,32765,4,Apparel,28.62217712,-81.20755768,Africa,Fes,Marruecos,10288,45088,365,0,0,112591,59.99000168,0.270000011,4,239.9600067,239.9600067,64.79000092,North Africa,Fez-Bulmán,PENDING,,365,17,,http://images.acmesports.sports/Perfect+Fitness+Perfect+Rip+Deck,Perfect Fitness Perfect Rip Deck,59.99000168,0,10/24/2016 3:59,Standard Class,10/20/2016 3:59
74,TRANSFER,2,4,92.97000122,226.7599945,Advance shipping,0,17,Cleats,Oceanside,Estados Unidos,XXXXXXXXX,Walter,4533,Chavez,XXXXXXXXX,Consumer,CA,990 Dewy Crest,92056,4,Apparel,33.18587494,-117.3658524,Africa,Hurghada,Egipto,4533,42101,365,13.19999981,0.059999999,105115,59.99000168,0.409999996,4,239.9600067,226.7599945,92.97000122,North Africa,Al Bahr al Ahmar,PENDING,,365,17,,http://images.acmesports.sports/Perfect+Fitness+Perfect+Rip+Deck,Perfect Fitness Perfect Rip Deck,59.99000168,0,09/08/2016 13:30,Standard Class,09/06/2016 13:30
75,TRANSFER,4,4,45,155.1600037,Shipping on time,0,29,Shop By Sport,Granite City,Estados Unidos,XXXXXXXXX,Pamela,8519,Michael,XXXXXXXXX,Consumer,IL,1585 Stony Rabbit Hollow,62040,5,Golf,38.69002152,-90.14477539,Africa,Niamey,Níger,8519,42023,627,4.800000191,0.029999999,104898,39.99000168,0.289999992,4,159.9600067,155.1600037,45,West Africa,Niamey,PENDING,,627,29,,http://images.acmesports.sports/Under+Armour+Girls%27+Toddler+Spine+Surge+Running+Shoe,Under Armour Girls' Toddler Spine Surge Runni,39.99000168,0,09/09/2016 10:10,Standard Class,09/05/2016 10:10
76,TRANSFER,3,4,31.25,111.5999985,Advance shipping,0,26,Girls' Apparel,Pomona,Estados Unidos,XXXXXXXXX,Mary,3594,Smith,XXXXXXXXX,Consumer,CA,830 Clear Sky Vale,91766,5,Golf,34.04991913,-117.7161026,Africa,Pretoria,SudAfrica,3594,41827,564,8.399999619,0.07,104416,30,0.280000001,4,120,111.5999985,31.25,Southern Africa,Gauteng,PENDING,,564,26,,http://images.acmesports.sports/Nike+Men%27s+Deutschland+Weltmeister+Winners+Black+T-Shirt,Nike Men's Deutschland Weltmeister Winners Bl,30,0,09/05/2016 13:30,Standard Class,09/02/2016 13:30
77,TRANSFER,4,4,-459,170,Shipping on time,0,24,Women's Apparel,Tempe,Estados Unidos,XXXXXXXXX,Christian,9890,Luna,XXXXXXXXX,Consumer,AZ,2833 Clear Valley,85281,5,Golf,33.41519928,-111.9199905,Africa,Marrakech,Marruecos,9890,47193,502,30,0.150000006,117955,50,-2.700000048,4,200,170,-459,North Africa,Marrakech-Tensift-Al Hauz,PENDING,,502,24,,http://images.acmesports.sports/Nike+Men%27s+Dri-FIT+Victory+Golf+Polo,Nike Men's Dri-FIT Victory Golf Polo,50,0,11/23/2016 21:27,Standard Class,11/19/2016 21:27
78,TRANSFER,2,4,-248,160,Advance shipping,0,24,Women's Apparel,Santa Ana,Estados Unidos,XXXXXXXXX,Mary,1410,Smith,XXXXXXXXX,Consumer,CA,4682 Cozy Freeway,92703,5,Golf,33.74279404,-117.8847504,Africa,Bur Sudan,Sudán,1410,42626,502,40,0.200000003,106390,50,-1.549999952,4,200,160,-248,North Africa,Mar Rojo,PENDING,,502,24,,http://images.acmesports.sports/Nike+Men%27s+Dri-FIT+Victory+Golf+Polo,Nike Men's Dri-FIT Victory Golf Polo,50,0,9/16/2016 5:26,Standard Class,9/14/2016 5:26
79,TRANSFER,4,4,46.29000092,94.45999908,Shipping on time,0,40,Accessories,Aurora,Estados Unidos,XXXXXXXXX,Mary,2106,Grimes,XXXXXXXXX,Consumer,CO,231 Bright Alley,80010,6,Outdoors,39.74543381,-104.8753815,Africa,Lagos,Nigeria,2106,48468,885,5.5,0.059999999,121217,24.98999977,0.49000001,4,99.95999908,94.45999908,46.29000092,West Africa,Lagos,PENDING,,885,40,,http://images.acmesports.sports/Team+Golf+St.+Louis+Cardinals+Putter+Grip,Team Golf St. Louis Cardinals Putter Grip,24.98999977,0,12/12/2016 12:08,Standard Class,12/08/2016 12:08
80,TRANSFER,3,4,178.5800018,379.9599915,Advance shipping,0,9,Cardio Equipment,Saint Paul,Estados Unidos,XXXXXXXXX,Paul,2041,Garcia,XXXXXXXXX,Consumer,MN,1070 Dusty Beacon Maze,55124,3,Footwear,44.72552109,-93.20613098,Africa,Shinyanga,Tanzania,2041,42882,191,20,0.050000001,107084,99.98999786,0.469999999,4,399.9599915,379.9599915,178.5800018,East Africa,Shinyanga,PROCESSING,,191,9,,http://images.acmesports.sports/Nike+Men%27s+Free+5.0%2B+Running+Shoe,Nike Men's Free 5.0+ Running Shoe,99.98999786,0,9/20/2016 23:07,Standard Class,9/17/2016 23:07
81,TRANSFER,3,4,167.4199982,363.9599915,Advance shipping,0,9,Cardio Equipment,San Antonio,Estados Unidos,XXXXXXXXX,Stephen,7537,Lee,XXXXXXXXX,Consumer,TX,469 Crystal Anchor Mountain,78201,3,Footwear,29.45598984,-98.52809143,Africa,Kismaayo,Somalia,7537,46827,191,36,0.090000004,117074,99.98999786,0.460000008,4,399.9599915,363.9599915,167.4199982,East Africa,Jubbada Hoose,PROCESSING,,191,9,,http://images.acmesports.sports/Nike+Men%27s+Free+5.0%2B+Running+Shoe,Nike Men's Free 5.0+ Running Shoe,99.98999786,0,11/17/2016 13:14,Standard Class,11/14/2016 13:14
82,TRANSFER,2,4,-82.01000214,351.9599915,Advance shipping,0,9,Cardio Equipment,Philadelphia,Estados Unidos,XXXXXXXXX,Samuel,7967,Jones,XXXXXXXXX,Consumer,PA,7007 Quiet Via,19149,3,Footwear,40.03775024,-75.06806183,Africa,Cairo,Egipto,7967,46416,191,48,0.119999997,116042,99.98999786,-0.230000004,4,399.9599915,351.9599915,-82.01000214,North Africa,El Cairo,PROCESSING,,191,9,,http://images.acmesports.sports/Nike+Men%27s+Free+5.0%2B+Running+Shoe,Nike Men's Free 5.0+ Running Shoe,99.98999786,0,11/10/2016 13:14,Standard Class,11/08/2016 13:14
83,TRANSFER,4,4,91.79000092,339.9700012,Shipping on time,0,9,Cardio Equipment,Bronx,Estados Unidos,XXXXXXXXX,Larry,1758,King,XXXXXXXXX,Consumer,NY,2515 Burning Boulevard,10466,3,Footwear,40.86353684,-73.87049866,Africa,Newcastle,SudAfrica,1758,47343,191,59.99000168,0.150000006,118360,99.98999786,0.270000011,4,399.9599915,339.9700012,91.79000092,Southern Africa,KwaZulu-Natal,PROCESSING,,191,9,,http://images.acmesports.sports/Nike+Men%27s+Free+5.0%2B+Running+Shoe,Nike Men's Free 5.0+ Running Shoe,99.98999786,0,11/26/2016 2:00,Standard Class,11/22/2016 2:00
84,DEBIT,2,4,40.56000137,124.7900009,Advance shipping,0,18,Men's Footwear,Greenville,Estados Unidos,XXXXXXXXX,Peter,7884,Smith,XXXXXXXXX,Corporate,NC,2127 Cozy Deer Bank,27858,4,Apparel,35.60034943,-77.33486939,Pacific Asia,Estambul,Turquía,7884,41686,403,5.199999809,0.039999999,104060,129.9900055,0.330000013,1,129.9900055,124.7900009,40.56000137,West Asia,Estambul,COMPLETE,,403,18,,http://images.acmesports.sports/Nike+Men%27s+CJ+Elite+2+TD+Football+Cleat,Nike Men's CJ Elite 2 TD Football Cleat,129.9900055,0,09/02/2016 12:06,Standard Class,8/31/2016 12:06
85,DEBIT,2,4,41.18000031,124.7900009,Advance shipping,0,18,Men's Footwear,Morristown,Estados Unidos,XXXXXXXXX,Diana,289,Richards,XXXXXXXXX,Corporate,NJ,3593 Easy Embers Field,7960,4,Apparel,40.80119324,-74.48561096,Pacific Asia,Jerusalén,Israel,289,41896,403,5.199999809,0.039999999,104577,129.9900055,0.330000013,1,129.9900055,124.7900009,41.18000031,West Asia,Jerusalén,COMPLETE,,403,18,,http://images.acmesports.sports/Nike+Men%27s+CJ+Elite+2+TD+Football+Cleat,Nike Men's CJ Elite 2 TD Football Cleat,129.9900055,0,09/05/2016 13:41,Standard Class,09/03/2016 13:41
86,DEBIT,4,4,27.36000061,56.99000168,Shipping on time,0,17,Cleats,San Diego,Estados Unidos,XXXXXXXXX,Mary,10081,Castillo,XXXXXXXXX,Corporate,CA,9900 Hidden Rise Downs,92115,4,Apparel,32.77627945,-117.1342163,Pacific Asia,Gold Coast,Australia,10081,28168,365,3,0.050000001,70443,59.99000168,0.479999989,1,59.99000168,56.99000168,27.36000061,Oceania,Queensland,COMPLETE,,365,17,,http://images.acmesports.sports/Perfect+Fitness+Perfect+Rip+Deck,Perfect Fitness Perfect Rip Deck,59.99000168,0,2/20/2016 4:09,Standard Class,2/16/2016 4:09
87,DEBIT,3,4,26.05999947,123.4899979,Advance shipping,0,18,Men's Footwear,Oxnard,Estados Unidos,XXXXXXXXX,Mary,1169,Smith,XXXXXXXXX,Corporate,CA,1055 Crystal Woods,93030,4,Apparel,34.19039154,-119.177803,Pacific Asia,Newcastle,Australia,1169,24992,403,6.5,0.050000001,62621,129.9900055,0.209999993,1,129.9900055,123.4899979,26.05999947,Oceania,Nueva Gales del Sur,COMPLETE,,403,18,,http://images.acmesports.sports/Nike+Men%27s+CJ+Elite+2+TD+Football+Cleat,Nike Men's CJ Elite 2 TD Football Cleat,129.9900055,0,01/03/2016 19:27,Standard Class,12/31/2015 19:27
88,DEBIT,2,4,32.47999954,123.4899979,Advance shipping,0,18,Men's Footwear,Miami,Estados Unidos,XXXXXXXXX,Mary,1182,Smith,XXXXXXXXX,Corporate,FL,5365 Tawny Apple Limits,33147,4,Apparel,25.82507515,-80.19588471,Pacific Asia,Porirua,Nueva Zelanda,1182,30851,403,6.5,0.050000001,77102,129.9900055,0.25999999,1,129.9900055,123.4899979,32.47999954,Oceania,Wellington,COMPLETE,,403,18,,http://images.acmesports.sports/Nike+Men%27s+CJ+Elite+2+TD+Football+Cleat,Nike Men's CJ Elite 2 TD Football Cleat,129.9900055,0,3/28/2016 8:07,Standard Class,3/26/2016 8:07
89,DEBIT,4,4,15.43999958,123.4899979,Shipping on time,0,18,Men's Footwear,Lutz,Estados Unidos,XXXXXXXXX,Theresa,5801,Pearson,XXXXXXXXX,Corporate,FL,6715 Gentle Horse Row,33549,4,Apparel,28.08681297,-82.43898773,Pacific Asia,Daca,Bangladés,5801,25163,403,6.5,0.050000001,63064,129.9900055,0.129999995,1,129.9900055,123.4899979,15.43999958,South Asia,Daca,COMPLETE,,403,18,,http://images.acmesports.sports/Nike+Men%27s+CJ+Elite+2+TD+Football+Cleat,Nike Men's CJ Elite 2 TD Football Cleat,129.9900055,0,01/07/2016 07:22,Standard Class,01/03/2016 07:22
90,DEBIT,2,4,4.570000172,123.4899979,Advance shipping,0,18,Men's Footwear,Bend,Estados Unidos,XXXXXXXXX,Cynthia,702,Smith,XXXXXXXXX,Corporate,OR,6412 Crystal View Townline,97701,4,Apparel,44.07210541,-12.13232708,Pacific Asia,Kanpur,India,702,28036,403,6.5,0.050000001,70143,129.9900055,0.039999999,1,129.9900055,123.4899979,4.570000172,South Asia,Uttar Pradesh,COMPLETE,,403,18,,http://images.acmesports.sports/Nike+Men%27s+CJ+Elite+2+TD+Football+Cleat,Nike Men's CJ Elite 2 TD Football Cleat,129.9900055,0,2/16/2016 5:54,Standard Class,2/14/2016 5:54
91,DEBIT,4,4,14.25,56.99000168,Shipping on time,0,17,Cleats,Ontario,Estados Unidos,XXXXXXXXX,Jonathan,6422,Richmond,XXXXXXXXX,Corporate,CA,3005 Bright Maze,91762,4,Apparel,34.06832504,-117.6557541,Pacific Asia,Bagdad,Irak,6422,42828,365,3,0.050000001,106946,59.99000168,0.25,1,59.99000168,56.99000168,14.25,West Asia,Bagdad,COMPLETE,,365,17,,http://images.acmesports.sports/Perfect+Fitness+Perfect+Rip+Deck,Perfect Fitness Perfect Rip Deck,59.99000168,0,9/21/2016 4:12,Standard Class,9/17/2016 4:12
92,DEBIT,4,4,20.12999916,123.4899979,Shipping on time,0,18,Men's Footwear,Houston,Estados Unidos,XXXXXXXXX,Christopher,5384,Smith,XXXXXXXXX,Corporate,TX,5657 Lost Expressway,77015,4,Apparel,29.7805748,-95.17199707,Pacific Asia,Adana,Turquía,5384,48713,403,6.5,0.050000001,121833,129.9900055,0.159999996,1,129.9900055,123.4899979,20.12999916,West Asia,Adana,COMPLETE,,403,18,,http://images.acmesports.sports/Nike+Men%27s+CJ+Elite+2+TD+Football+Cleat,Nike Men's CJ Elite 2 TD Football Cleat,129.9900055,0,12/16/2016 1:59,Standard Class,12/12/2016 01:59
93,DEBIT,4,4,54.34000015,123.4899979,Shipping on time,0,18,Men's Footwear,Hampton,Estados Unidos,XXXXXXXXX,Donald,2985,Price,XXXXXXXXX,Corporate,VA,183 Velvet Grove Towers,23666,4,Apparel,37.05174255,-76.40163422,Pacific Asia,Riyadh,Arabia Saudí,2985,45668,403,6.5,0.050000001,114148,129.9900055,0.439999998,1,129.9900055,123.4899979,54.34000015,West Asia,Riad,COMPLETE,,403,18,,http://images.acmesports.sports/Nike+Men%27s+CJ+Elite+2+TD+Football+Cleat,Nike Men's CJ Elite 2 TD Football Cleat,129.9900055,0,11/01/2016 15:11,Standard Class,10/28/2016 15:11
94,DEBIT,2,4,43.61000061,436.1000061,Advance shipping,0,66,Crafts,New York,Estados Unidos,XXXXXXXXX,Rana,18349,Moreno,XXXXXXXXX,Corporate,NY,2275 Rustic Impasse,10016,4,Apparel,40.74559021,-73.97927856,Pacific Asia,Shenzhen,China,18349,74796,1353,25.37999916,0.059999999,178111,461.480011,0.100000001,1,461.480011,436.1000061,43.61000061,Eastern Asia,Guangdong,COMPLETE,,1353,66,,http://images.acmesports.sports/Porcelain+crafts,Porcelain crafts,461.480011,0,12/29/2017 20:01,Standard Class,12/27/2017 20:01
95,DEBIT,4,4,42.99000168,122.8399963,Shipping on time,0,18,Men's Footwear,Porterville,Estados Unidos,XXXXXXXXX,Mary,11286,Garcia,XXXXXXXXX,Corporate,CA,8279 Bright Fox Highway,93257,4,Apparel,35.93829727,-118.9438477,Pacific Asia,Tianjin,China,11286,27918,403,7.150000095,0.059999999,69867,129.9900055,0.349999994,1,129.9900055,122.8399963,42.99000168,Eastern Asia,Tianjin,COMPLETE,,403,18,,http://images.acmesports.sports/Nike+Men%27s+CJ+Elite+2+TD+Football+Cleat,Nike Men's CJ Elite 2 TD Football Cleat,129.9900055,0,2/16/2016 12:34,Standard Class,02/12/2016 12:34
96,DEBIT,3,4,19.84000015,56.68999863,Advance shipping,0,17,Cleats,Portland,Estados Unidos,XXXXXXXXX,William,489,Smith,XXXXXXXXX,Corporate,OR,2792 Middle Mount,97223,4,Apparel,45.59825897,-12.27242851,Pacific Asia,Perth,Australia,489,30097,365,3.299999952,0.059999999,75233,59.99000168,0.349999994,1,59.99000168,56.68999863,19.84000015,Oceania,Australia Occidental,COMPLETE,,365,17,,http://images.acmesports.sports/Perfect+Fitness+Perfect+Rip+Deck,Perfect Fitness Perfect Rip Deck,59.99000168,0,3/18/2016 7:58,Standard Class,3/15/2016 7:58
97,DEBIT,2,4,54.04999924,122.8399963,Advance shipping,0,18,Men's Footwear,Strongsville,Estados Unidos,XXXXXXXXX,Rachel,4510,Cochran,XXXXXXXXX,Corporate,OH,6414 Jagged Sky Gardens,44136,4,Apparel,41.3469696,-81.82631683,Pacific Asia,Dunedin,Nueva Zelanda,4510,30966,403,7.150000095,0.059999999,77398,129.9900055,0.439999998,1,129.9900055,122.8399963,54.04999924,Oceania,Otago,COMPLETE,,403,18,,http://images.acmesports.sports/Nike+Men%27s+CJ+Elite+2+TD+Football+Cleat,Nike Men's CJ Elite 2 TD Football Cleat,129.9900055,0,3/30/2016 0:25,Standard Class,3/28/2016 0:25
98,DEBIT,4,4,-184.2599945,122.8399963,Shipping on time,0,18,Men's Footwear,El Paso,Estados Unidos,XXXXXXXXX,Dorothy,9626,Frye,XXXXXXXXX,Corporate,TX,4849 Clear Blossom Turnabout,79927,4,Apparel,31.65174103,-106.2676239,Pacific Asia,Melbourne,Australia,9626,30063,403,7.150000095,0.059999999,75154,129.9900055,-1.5,1,129.9900055,122.8399963,-184.2599945,Oceania,Victoria,COMPLETE,,403,18,,http://images.acmesports.sports/Nike+Men%27s+CJ+Elite+2+TD+Football+Cleat,Nike Men's CJ Elite 2 TD Football Cleat,129.9900055,0,3/18/2016 20:03,Standard Class,3/14/2016 20:03
99,DEBIT,4,4,12.27999973,122.8399963,Shipping on time,0,18,Men's Footwear,Bountiful,Estados Unidos,XXXXXXXXX,Mary,5295,Williams,XXXXXXXXX,Corporate,UT,2058 Quaking Oak Common,84010,4,Apparel,40.86649323,-111.8493271,Pacific Asia,Mersin,Turquía,5295,42353,403,7.150000095,0.059999999,105750,129.9900055,0.100000001,1,129.9900055,122.8399963,12.27999973,West Asia,Mersin,COMPLETE,,403,18,,http://images.acmesports.sports/Nike+Men%27s+CJ+Elite+2+TD+Football+Cleat,Nike Men's CJ Elite 2 TD Football Cleat,129.9900055,0,9/14/2016 5:47,Standard Class,09/10/2016 05:47
